<record><leader>00000cas a2200000 a 4500</leader><controlfield tag="001">11479028</controlfield><controlfield tag="008">841211d18591863txuwr ne      0   a0eng d</controlfield><datafield ind1=" " ind2=" " tag="010"><subfield code="a">sn 86088410 </subfield></datafield><datafield ind1=" " ind2=" " tag="040"><subfield code="a">TXR</subfield><subfield code="b">eng</subfield><subfield code="c">TXR</subfield><subfield code="d">PPM</subfield><subfield code="d">OCL</subfield><subfield code="d">OCLCQ</subfield></datafield><datafield ind1=" " ind2=" " tag="042"><subfield code="a">msc</subfield></datafield><datafield ind1="0" ind2=" " tag="130"><subfield code="a">Ranchero (Corpus Christi, Tex.: 1859)</subfield></datafield><datafield ind1="1" ind2="4" tag="245"><subfield code="a">The ranchero.</subfield></datafield><datafield ind1="1" ind2="3" tag="246"><subfield code="a">Ranchero war extra</subfield><subfield code="f">&lt;July 20, 1861&gt;</subfield></datafield><datafield ind1="1" ind2="3" tag="246"><subfield code="a">Ranchero extra</subfield><subfield code="f">&lt;Aug. 10, 1861, Aug. 19, 1862&gt;</subfield></datafield><datafield ind1=" " ind2=" " tag="260"><subfield code="a">Corpus Christi, Tex. :</subfield><subfield code="b">Henry A. Maltby,</subfield><subfield code="c">1859-</subfield></datafield><datafield ind1=" " ind2=" " tag="300"><subfield code="a">v. ;</subfield><subfield code="c">54 cm.</subfield></datafield><datafield ind1=" " ind2=" " tag="310"><subfield code="a">Weekly</subfield></datafield><datafield ind1="0" ind2=" " tag="362"><subfield code="a">Vol. 1, no. 1 (Oct. 22, 1859)-</subfield></datafield><datafield ind1="1" ind2=" " tag="362"><subfield code="a">Ceased in 1863.</subfield></datafield><datafield ind1=" " ind2=" " tag="515"><subfield code="a">Regular issues suspended &lt;July 20, 1861-Dec. 11, 1862&gt;.</subfield></datafield><datafield ind1=" " ind2=" " tag="752"><subfield code="a">United States</subfield><subfield code="b">Texas</subfield><subfield code="c">Nueces</subfield><subfield code="d">Corpus Christi.</subfield></datafield><datafield ind1="0" ind2="0" tag="785"><subfield code="t">Corpus Christi ranchero (Santa Margarita, Tex.: 1863)</subfield><subfield code="w">(OCoLC)11479021</subfield></datafield></record>